@string{joss = {Journal of Open Source Software}}
@string{aa = {Astron.~Astrophys.}}
@string{jcp = {J. Comp. Phys.}}
@string{jgr = {J. Geophys. Res.}}
@string{epsl = {Earth Planet. Sci. Lett.}}
@string{grl = {Geophys. Res. Lett.}}
@string{pepi = {Phys. Earth. Planet. Inter.}}
@string{g3 = {Geochem. Geophys. Geosyst.}}
@string{gji = {Geophy. J. Int.}}
@string{ijnmf = {Int. J. Num. Meth. Fluids}}
@string{ijnme = {Int. J. Num. Meth. Eng.}}
@string{se = {Solid Earth}}
@string{ajs = {American Journal of Science}}
@string{cmame = {Computer Methods in Applied Mechanics and Engineering}}
@string{pnas = {Proceedings of the National Academy of Sciences}}
@string{cageo = {Computers and Geosciences}}


@article{fieldstone,
author = "Cedric Thieulot",
title = "{Fieldstone: a computational geodynamics (self-)teaching tool}",
year = "2023",
doi = "10.5194/egusphere-egu23-14212"}

@article{krhb12,
title={High accuracy mantle convection simulation through modern numerical methods},
author={M. Kronbichler and T. Heister and W. Bangerth},
journal=gji,
volume={191},
pages={12-29},
doi={10.1111/j.1365-246X.2012.05609.x},
year={2012}}

@article{dzan81,
title={{Preliminary reference Earth model}},
author={A.M. Dziewonski and D.L. Anderson},
journal=pepi,
volume={25},
pages={297--356},
doi={10.1016/0031-9201(81)90046-7},
year={1981}}

@article{civs12,
title={{The viscosity of the earth's lower mantle inferred from sinking speed of subducted lithosphere}},
author={H. {\v C}{\'i}{\v z}kov{\'a} and A.P. van den Berg and W. Spakman and Ctirad Matyska},
journal=pepi,
volume={200--201},
pages={56--62},
doi={10.1016/j.pepi.2012.02.010},
year={2012}}

@article{stca06,
title={{Models of large-scale viscous flow in the Earth's mantle with constraints from mineral
physics and surface observations}},
author={B. Steinberger and A.R. Calderwood},
journal=gji,
volume={167},
doi={10.1111/j.1365-246X.2006.03131.x},
pages={1461-1481},
year={2006}}

@article{kued08,
title={Anisotropic shear-wave velocity structure of the Earth's mantle: A global model},
author={Kustowski, B and Ekstr{\"o}m, G and Dziewo{\'n}ski, AM},
journal={Journal of Geophysical Research: Solid Earth},
volume={113},
doi={10.1029/2007JB005169},
number={B6},
year={2008}}

@article{keeb95,
title={{Travel times for global earthquake location and phase association}},
author={B.L.N. Kennett and E.R. Engdahl and R. Buland},
journal=gji,
volume={122},
pages={108--124},
doi={10.1111/j.1365-246X.1991.tb06724.x},
year={1995}}

@article{stho08,
title={Mantle flow models with core-mantle boundary constraints and chemical heterogeneities
in the lowermost mantle},
author={Steinberger, B and Holme, R},
journal={Journal of Geophysical Research: Solid Earth},
volume={113},
doi={},
number={B5},
year={2008}}

@article{yohk01,
title={Numerical simulation for the prediction of the plate motions},
author={Yoshida, Masaki and Honda, Satoru and Kido, Motoyuki and Iwase, Yasuyuki},
journal={Earth, planets and space},
volume={53},
number={7},
pages={709--721},
doi={10.1186/BF03352399},
year={2001}}

@article{thba22,
author={C. Thieulot and W. Bangerth},
title={On the choice of finite element for applications in geodynamics},
journal={Solid Earth},
doi={10.5194/se-13-1-2022},
volume={13},
pages={229--249},
year={2022}}

@article{gadb24,
title={Benchmarking the accuracy of higher order particle methods 
in geodynamic models of transient flow},
author={Gassm{\"o}ller, Rene and Dannberg, Juliane and Bangerth, Wolfgang 
and Puckett, Elbridge Gerry and Thieulot, Cedric},
journal=gmd,
volume={17},
pages={4115--4134},
doi={10.5194/gmd-17-4115-2024},
year={2024}}




















@article{thie18,
title={{GHOST: Geoscientific Hollow Sphere Tesselation}},
author={C. Thieulot},
journal={Solid Earth},
volume={9},
number={1--9},
doi={10.5194/se-9-1169-2018},
year={2018}}

